

@MISC{waterfall,
	howpublished = {\url{https://www.tutorialspoint.com/sdlc/sdlc_waterfall_model.htm}},
	title = {SDLC Waterfall Model},
	month = {Mar},
	year = {2019},
	note = {Accessed on 2019-03-09}
}

@MISC{atm,
	howpublished = {\url{http://www.math-cs.gordon.edu/courses/cs211/ATMExample/UseCases.html}},
	title = {An Example of Object-Oriented Design: An ATM Simulation},
	month = {Dec},
	year = {2004},
	note = {Accessed on 2019-03-09}
}
